%YAML 1.1
%TAG !u! tag:unity3d.com,2011:
--- !u!29 &1
OcclusionCullingSettings:
  m_ObjectHideFlags: 0
  serializedVersion: 2
  m_OcclusionBakeSettings:
    smallestOccluder: 5
    smallestHole: 0.25
    backfaceThreshold: 100
  m_SceneGUID: 00000000000000000000000000000000
  m_OcclusionCullingData: {fileID: 0}
--- !u!104 &2
RenderSettings:
  m_ObjectHideFlags: 0
  serializedVersion: 9
  m_Fog: 0
  m_FogColor: {r: 0.5, g: 0.5, b: 0.5, a: 1}
  m_FogMode: 3
  m_FogDensity: 0.01
  m_LinearFogStart: 0
  m_LinearFogEnd: 300
  m_AmbientSkyColor: {r: 0.212, g: 0.227, b: 0.259, a: 1}
  m_AmbientEquatorColor: {r: 0.114, g: 0.125, b: 0.133, a: 1}
  m_AmbientGroundColor: {r: 0.047, g: 0.043, b: 0.035, a: 1}
  m_AmbientIntensity: 1
  m_AmbientMode: 0
  m_SubtractiveShadowColor: {r: 0.42, g: 0.478, b: 0.627, a: 1}
  m_SkyboxMaterial: {fileID: 10304, guid: 0000000000000000f000000000000000, type: 0}
  m_HaloStrength: 0.5
  m_FlareStrength: 1
  m_FlareFadeSpeed: 3
  m_HaloTexture: {fileID: 0}
  m_SpotCookie: {fileID: 10001, guid: 0000000000000000e000000000000000, type: 0}
  m_DefaultReflectionMode: 0
  m_DefaultReflectionResolution: 128
  m_ReflectionBounces: 1
  m_ReflectionIntensity: 1
  m_CustomReflection: {fileID: 0}
  m_Sun: {fileID: 0}
  m_IndirectSpecularColor: {r: 0.44657898, g: 0.4964133, b: 0.5748178, a: 1}
  m_UseRadianceAmbientProbe: 0
--- !u!157 &3
LightmapSettings:
  m_ObjectHideFlags: 0
  serializedVersion: 12
  m_GIWorkflowMode: 1
  m_GISettings:
    serializedVersion: 2
    m_BounceScale: 1
    m_IndirectOutputScale: 1
    m_AlbedoBoost: 1
    m_EnvironmentLightingMode: 0
    m_EnableBakedLightmaps: 1
    m_EnableRealtimeLightmaps: 0
  m_LightmapEditorSettings:
    serializedVersion: 12
    m_Resolution: 2
    m_BakeResolution: 40
    m_AtlasSize: 1024
    m_AO: 0
    m_AOMaxDistance: 1
    m_CompAOExponent: 1
    m_CompAOExponentDirect: 0
    m_ExtractAmbientOcclusion: 0
    m_Padding: 2
    m_LightmapParameters: {fileID: 0}
    m_LightmapsBakeMode: 1
    m_TextureCompression: 1
    m_FinalGather: 0
    m_FinalGatherFiltering: 1
    m_FinalGatherRayCount: 256
    m_ReflectionCompression: 2
    m_MixedBakeMode: 2
    m_BakeBackend: 1
    m_PVRSampling: 1
    m_PVRDirectSampleCount: 32
    m_PVRSampleCount: 512
    m_PVRBounces: 2
    m_PVREnvironmentSampleCount: 256
    m_PVREnvironmentReferencePointCount: 2048
    m_PVRFilteringMode: 1
    m_PVRDenoiserTypeDirect: 1
    m_PVRDenoiserTypeIndirect: 1
    m_PVRDenoiserTypeAO: 1
    m_PVRFilterTypeDirect: 0
    m_PVRFilterTypeIndirect: 0
    m_PVRFilterTypeAO: 0
    m_PVREnvironmentMIS: 1
    m_PVRCulling: 1
    m_PVRFilteringGaussRadiusDirect: 1
    m_PVRFilteringGaussRadiusIndirect: 5
    m_PVRFilteringGaussRadiusAO: 2
    m_PVRFilteringAtrousPositionSigmaDirect: 0.5
    m_PVRFilteringAtrousPositionSigmaIndirect: 2
    m_PVRFilteringAtrousPositionSigmaAO: 1
    m_ExportTrainingData: 0
    m_TrainingDataDestination: TrainingData
    m_LightProbeSampleCountMultiplier: 4
  m_LightingDataAsset: {fileID: 0}
  m_LightingSettings: {fileID: 0}
--- !u!196 &4
NavMeshSettings:
  serializedVersion: 2
  m_ObjectHideFlags: 0
  m_BuildSettings:
    serializedVersion: 3
    agentTypeID: 0
    agentRadius: 0.5
    agentHeight: 2
    agentSlope: 45
    agentClimb: 0.4
    ledgeDropHeight: 0
    maxJumpAcrossDistance: 0
    minRegionArea: 2
    manualCellSize: 0
    cellSize: 0.16666667
    manualTileSize: 0
    tileSize: 256
    buildHeightMesh: 0
    maxJobWorkers: 0
    preserveTilesOutsideBounds: 0
    debug:
      m_Flags: 0
  m_NavMeshData: {fileID: 0}
--- !u!1 &124389250
GameObject:
  m_ObjectHideFlags: 0
  m_CorrespondingSourceObject: {fileID: 0}
  m_PrefabInstance: {fileID: 0}
  m_PrefabAsset: {fileID: 0}
  serializedVersion: 6
  m_Component:
  - component: {fileID: 124389253}
  - component: {fileID: 124389252}
  - component: {fileID: 124389251}
  m_Layer: 0
  m_Name: Forest ground
  m_TagString: Untagged
  m_Icon: {fileID: 0}
  m_NavMeshLayer: 0
  m_StaticEditorFlags: 0
  m_IsActive: 1
--- !u!114 &124389251
MonoBehaviour:
  m_ObjectHideFlags: 0
  m_CorrespondingSourceObject: {fileID: 0}
  m_PrefabInstance: {fileID: 0}
  m_PrefabAsset: {fileID: 0}
  m_GameObject: {fileID: 124389250}
  m_Enabled: 1
  m_EditorHideFlags: 0
  m_Script: {fileID: 11500000, guid: 90539df1cd5704abcb25fec9f3f5f84b, type: 3}
  m_Name: 
  m_EditorClassIdentifier: 
  m_Spline:
    m_IsOpenEnded: 0
    m_ControlPoints:
    - position: {x: -4.295738, y: -11.9481945, z: 0}
      leftTangent: {x: 0, y: 0, z: 0}
      rightTangent: {x: 0, y: 0, z: 0}
      mode: 0
      height: 1
      spriteIndex: 0
      corner: 1
      m_CornerMode: 1
    - position: {x: -2, y: 2, z: 0}
      leftTangent: {x: 0, y: 0, z: 0}
      rightTangent: {x: 0, y: 0, z: 0}
      mode: 0
      height: 1
      spriteIndex: 0
      corner: 1
      m_CornerMode: 1
    - position: {x: 8.020847, y: 0.3750515, z: 0}
      leftTangent: {x: -3.3810463, y: -0.13923836, z: 0}
      rightTangent: {x: 1.5339241, y: 0.06316948, z: 0}
      mode: 1
      height: 1
      spriteIndex: 0
      corner: 1
      m_CornerMode: 1
    - position: {x: 21.687881, y: 0.058475494, z: 0}
      leftTangent: {x: -4.5437536, y: -0.3458932, z: -0}
      rightTangent: {x: 3.698101, y: 0.28151792, z: 0}
      mode: 1
      height: 1
      spriteIndex: 0
      corner: 1
      m_CornerMode: 1
    - position: {x: 32.64412, y: 1.9969482, z: 0}
      leftTangent: {x: -3.2592125, y: -0.21467972, z: 0}
      rightTangent: {x: 0, y: 0, z: 0}
      mode: 2
      height: 1
      spriteIndex: 0
      corner: 1
      m_CornerMode: 1
    - position: {x: 22.272518, y: -14.734987, z: 0}
      leftTangent: {x: 0, y: 0, z: 0}
      rightTangent: {x: 0, y: 0, z: 0}
      mode: 0
      height: 1
      spriteIndex: 0
      corner: 1
      m_CornerMode: 1
  m_SpriteShape: {fileID: 11400000, guid: 90a38e2db47167c4eb2e13bacecce000, type: 2}
  m_FillPixelPerUnit: 100
  m_StretchTiling: 1
  m_SplineDetail: 16
  m_AdaptiveUV: 1
  m_StretchUV: 0
  m_WorldSpaceUV: 0
  m_CornerAngleThreshold: 30
  m_ColliderDetail: 16
  m_ColliderOffset: 0
  m_UpdateCollider: 1
  m_EnableTangents: 0
  m_GeometryCached: 0
  m_UTess2D: 1
  m_Creator: {fileID: 0}
  m_Modifiers: []
  m_ColliderSegment: []
--- !u!1971053207 &124389252
SpriteShapeRenderer:
  m_ObjectHideFlags: 0
  m_CorrespondingSourceObject: {fileID: 0}
  m_PrefabInstance: {fileID: 0}
  m_PrefabAsset: {fileID: 0}
  m_GameObject: {fileID: 124389250}
  m_Enabled: 1
  m_CastShadows: 1
  m_ReceiveShadows: 1
  m_DynamicOccludee: 0
  m_StaticShadowCaster: 0
  m_MotionVectors: 1
  m_LightProbeUsage: 1
  m_ReflectionProbeUsage: 1
  m_RayTracingMode: 0
  m_RayTraceProcedural: 0
  m_RenderingLayerMask: 1
  m_RendererPriority: 0
  m_Materials:
  - {fileID: 10754, guid: 0000000000000000f000000000000000, type: 0}
  - {fileID: 10754, guid: 0000000000000000f000000000000000, type: 0}
  m_StaticBatchInfo:
    firstSubMesh: 0
    subMeshCount: 0
  m_StaticBatchRoot: {fileID: 0}
  m_ProbeAnchor: {fileID: 0}
  m_LightProbeVolumeOverride: {fileID: 0}
  m_ScaleInLightmap: 1
  m_ReceiveGI: 1
  m_PreserveUVs: 0
  m_IgnoreNormalsForChartDetection: 0
  m_ImportantGI: 0
  m_StitchLightmapSeams: 1
  m_SelectedEditorRenderState: 0
  m_MinimumChartSize: 4
  m_AutoUVMaxDistance: 0.5
  m_AutoUVMaxAngle: 89
  m_LightmapParameters: {fileID: 0}
  m_SortingLayerID: 0
  m_SortingLayer: 0
  m_SortingOrder: 0
  m_Color: {r: 1, g: 1, b: 1, a: 1}
  m_MaskInteraction: 0
  m_ShapeTexture: {fileID: 2800000, guid: 111ea4ac01976534d894beb48434b9e8, type: 3}
  m_Sprites:
  - {fileID: -9003733832132763845, guid: 76dcb53c0ed026c4285198071b9b8eeb, type: 3}
  - {fileID: 5070222756407925866, guid: 76dcb53c0ed026c4285198071b9b8eeb, type: 3}
  - {fileID: -7570885460637256414, guid: 76dcb53c0ed026c4285198071b9b8eeb, type: 3}
  - {fileID: 4500427456996776979, guid: 76dcb53c0ed026c4285198071b9b8eeb, type: 3}
  - {fileID: -7170742918285860501, guid: 76dcb53c0ed026c4285198071b9b8eeb, type: 3}
  - {fileID: -7170742918285860501, guid: 76dcb53c0ed026c4285198071b9b8eeb, type: 3}
  - {fileID: -2235782250807310466, guid: 76dcb53c0ed026c4285198071b9b8eeb, type: 3}
  - {fileID: 226365927551303755, guid: 76dcb53c0ed026c4285198071b9b8eeb, type: 3}
  - {fileID: 754596645059331292, guid: 76dcb53c0ed026c4285198071b9b8eeb, type: 3}
  - {fileID: 6156770330583124409, guid: 76dcb53c0ed026c4285198071b9b8eeb, type: 3}
  - {fileID: -2084948043075760409, guid: 76dcb53c0ed026c4285198071b9b8eeb, type: 3}
  - {fileID: -4671000020934413352, guid: 76dcb53c0ed026c4285198071b9b8eeb, type: 3}
  m_LocalAABB:
    m_Center: {x: 14.319834, y: -6.343522, z: 0}
    m_Extent: {x: 19.755203, y: 9.722783, z: 0}
  m_SpriteSortPoint: 0
--- !u!4 &124389253
Transform:
  m_ObjectHideFlags: 0
  m_CorrespondingSourceObject: {fileID: 0}
  m_PrefabInstance: {fileID: 0}
  m_PrefabAsset: {fileID: 0}
  m_GameObject: {fileID: 124389250}
  serializedVersion: 2
  m_LocalRotation: {x: 0, y: 0, z: 0, w: 1}
  m_LocalPosition: {x: -54.08237, y: 26.383104, z: 0}
  m_LocalScale: {x: 1, y: 1, z: 1}
  m_ConstrainProportionsScale: 0
  m_Children: []
  m_Father: {fileID: 0}
  m_LocalEulerAnglesHint: {x: 0, y: 0, z: 0}
--- !u!1 &385959091
GameObject:
  m_ObjectHideFlags: 0
  m_CorrespondingSourceObject: {fileID: 0}
  m_PrefabInstance: {fileID: 0}
  m_PrefabAsset: {fileID: 0}
  serializedVersion: 6
  m_Component:
  - component: {fileID: 385959094}
  - component: {fileID: 385959093}
  - component: {fileID: 385959092}
  m_Layer: 0
  m_Name: Island ground
  m_TagString: Untagged
  m_Icon: {fileID: 0}
  m_NavMeshLayer: 0
  m_StaticEditorFlags: 0
  m_IsActive: 1
--- !u!114 &385959092
MonoBehaviour:
  m_ObjectHideFlags: 0
  m_CorrespondingSourceObject: {fileID: 0}
  m_PrefabInstance: {fileID: 0}
  m_PrefabAsset: {fileID: 0}
  m_GameObject: {fileID: 385959091}
  m_Enabled: 1
  m_EditorHideFlags: 0
  m_Script: {fileID: 11500000, guid: 90539df1cd5704abcb25fec9f3f5f84b, type: 3}
  m_Name: 
  m_EditorClassIdentifier: 
  m_Spline:
    m_IsOpenEnded: 0
    m_ControlPoints:
    - position: {x: -8.572105, y: -7.7210436, z: 0}
      leftTangent: {x: 0, y: 0, z: 0}
      rightTangent: {x: 0, y: 0, z: 0}
      mode: 0
      height: 1
      spriteIndex: 0
      corner: 1
      m_CornerMode: 1
    - position: {x: -15.994598, y: 4.8954134, z: 0}
      leftTangent: {x: 0, y: 0, z: 0}
      rightTangent: {x: 0, y: 0, z: 0}
      mode: 0
      height: 1
      spriteIndex: 0
      corner: 1
      m_CornerMode: 1
    - position: {x: -11.284859, y: 1.6414118, z: 0}
      leftTangent: {x: -1.8322723, y: 0.5328314, z: -0}
      rightTangent: {x: 2.9740589, y: -0.864867, z: 0}
      mode: 1
      height: 1
      spriteIndex: 0
      corner: 1
      m_CornerMode: 1
    - position: {x: -2, y: 0.5442629, z: 0}
      leftTangent: {x: 0, y: 0, z: 0}
      rightTangent: {x: 0, y: 0, z: 0}
      mode: 0
      height: 1
      spriteIndex: 0
      corner: 1
      m_CornerMode: 1
    - position: {x: 15.642921, y: -1.28472, z: 0}
      leftTangent: {x: -5.9819336, y: 0.033750534, z: 0}
      rightTangent: {x: 4.2231483, y: -0.023827553, z: 0}
      mode: 1
      height: 1
      spriteIndex: 0
      corner: 1
      m_CornerMode: 1
    - position: {x: 34.851208, y: 0.010222912, z: 0}
      leftTangent: {x: -7.4212036, y: -0.94362736, z: 0}
      rightTangent: {x: 3.5856705, y: 0.45590448, z: 0}
      mode: 1
      height: 1
      spriteIndex: 2
      corner: 1
      m_CornerMode: 1
    - position: {x: 45.10755, y: 1.8381338, z: 0}
      leftTangent: {x: -3.1996078, y: -0.33911514, z: 0}
      rightTangent: {x: -0.50665283, y: -0.7762327, z: 0}
      mode: 2
      height: 1
      spriteIndex: 0
      corner: 1
      m_CornerMode: 1
    - position: {x: 64.58478, y: 2.925867, z: 0}
      leftTangent: {x: -2.7532654, y: 1.3755684, z: 0}
      rightTangent: {x: 3.4756927, y: -1.7368469, z: 0}
      mode: 1
      height: 1
      spriteIndex: 0
      corner: 1
      m_CornerMode: 1
    - position: {x: 56.62103, y: -6.2367167, z: 0}
      leftTangent: {x: 0.63951874, y: 1.032404, z: 0}
      rightTangent: {x: -1.410202, y: -2.277596, z: 0}
      mode: 1
      height: 1
      spriteIndex: 0
      corner: 1
      m_CornerMode: 1
    - position: {x: 43.17287, y: -18.307846, z: 0}
      leftTangent: {x: 1.4131088, y: 1.7679596, z: 0}
      rightTangent: {x: -9.5859375, y: -11.993105, z: 0}
      mode: 1
      height: 1
      spriteIndex: 0
      corner: 1
      m_CornerMode: 1
  m_SpriteShape: {fileID: 11400000, guid: 54649c69a8f039941bc63783ff470803, type: 2}
  m_FillPixelPerUnit: 100
  m_StretchTiling: 1
  m_SplineDetail: 16
  m_AdaptiveUV: 1
  m_StretchUV: 0
  m_WorldSpaceUV: 0
  m_CornerAngleThreshold: 30.3
  m_ColliderDetail: 16
  m_ColliderOffset: 0
  m_UpdateCollider: 1
  m_EnableTangents: 0
  m_GeometryCached: 0
  m_UTess2D: 1
  m_Creator: {fileID: 0}
  m_Modifiers: []
  m_ColliderSegment: []
--- !u!1971053207 &385959093
SpriteShapeRenderer:
  m_ObjectHideFlags: 0
  m_CorrespondingSourceObject: {fileID: 0}
  m_PrefabInstance: {fileID: 0}
  m_PrefabAsset: {fileID: 0}
  m_GameObject: {fileID: 385959091}
  m_Enabled: 1
  m_CastShadows: 1
  m_ReceiveShadows: 1
  m_DynamicOccludee: 0
  m_StaticShadowCaster: 0
  m_MotionVectors: 1
  m_LightProbeUsage: 1
  m_ReflectionProbeUsage: 1
  m_RayTracingMode: 0
  m_RayTraceProcedural: 0
  m_RenderingLayerMask: 1
  m_RendererPriority: 0
  m_Materials:
  - {fileID: 10754, guid: 0000000000000000f000000000000000, type: 0}
  - {fileID: 10754, guid: 0000000000000000f000000000000000, type: 0}
  m_StaticBatchInfo:
    firstSubMesh: 0
    subMeshCount: 0
  m_StaticBatchRoot: {fileID: 0}
  m_ProbeAnchor: {fileID: 0}
  m_LightProbeVolumeOverride: {fileID: 0}
  m_ScaleInLightmap: 1
  m_ReceiveGI: 1
  m_PreserveUVs: 0
  m_IgnoreNormalsForChartDetection: 0
  m_ImportantGI: 0
  m_StitchLightmapSeams: 1
  m_SelectedEditorRenderState: 0
  m_MinimumChartSize: 4
  m_AutoUVMaxDistance: 0.5
  m_AutoUVMaxAngle: 89
  m_LightmapParameters: {fileID: 0}
  m_SortingLayerID: 0
  m_SortingLayer: 0
  m_SortingOrder: 0
  m_Color: {r: 1, g: 1, b: 1, a: 1}
  m_MaskInteraction: 0
  m_ShapeTexture: {fileID: 2800000, guid: fa3a82efa91f9f24d8541a3314e0f5ce, type: 3}
  m_Sprites:
  - {fileID: 3635522813197685484, guid: 149cb6fc5ca0efd4aaea643eb19801a8, type: 3}
  - {fileID: -3898761808687451018, guid: 149cb6fc5ca0efd4aaea643eb19801a8, type: 3}
  - {fileID: 4984367725835968433, guid: 149cb6fc5ca0efd4aaea643eb19801a8, type: 3}
  - {fileID: 3635522813197685484, guid: 149cb6fc5ca0efd4aaea643eb19801a8, type: 3}
  - {fileID: -3898761808687451018, guid: 149cb6fc5ca0efd4aaea643eb19801a8, type: 3}
  - {fileID: 4984367725835968433, guid: 149cb6fc5ca0efd4aaea643eb19801a8, type: 3}
  - {fileID: 3635522813197685484, guid: 149cb6fc5ca0efd4aaea643eb19801a8, type: 3}
  - {fileID: -3898761808687451018, guid: 149cb6fc5ca0efd4aaea643eb19801a8, type: 3}
  - {fileID: 4984367725835968433, guid: 149cb6fc5ca0efd4aaea643eb19801a8, type: 3}
  - {fileID: 6836049529960570088, guid: 149cb6fc5ca0efd4aaea643eb19801a8, type: 3}
  - {fileID: -1946376610118289658, guid: 149cb6fc5ca0efd4aaea643eb19801a8, type: 3}
  - {fileID: 8210377045831972461, guid: 149cb6fc5ca0efd4aaea643eb19801a8, type: 3}
  - {fileID: 627442160978127915, guid: 149cb6fc5ca0efd4aaea643eb19801a8, type: 3}
  - {fileID: 0}
  - {fileID: 4371639514282883593, guid: 149cb6fc5ca0efd4aaea643eb19801a8, type: 3}
  - {fileID: 627442160978127915, guid: 149cb6fc5ca0efd4aaea643eb19801a8, type: 3}
  - {fileID: -6821128609800797508, guid: 149cb6fc5ca0efd4aaea643eb19801a8, type: 3}
  - {fileID: -3315537631440467526, guid: 149cb6fc5ca0efd4aaea643eb19801a8, type: 3}
  - {fileID: 0}
  - {fileID: 0}
  m_LocalAABB:
    m_Center: {x: 24.43201, y: -8.247923, z: 0}
    m_Extent: {x: 42.216557, y: 14.943539, z: 0}
  m_SpriteSortPoint: 0
--- !u!4 &385959094
Transform:
  m_ObjectHideFlags: 0
  m_CorrespondingSourceObject: {fileID: 0}
  m_PrefabInstance: {fileID: 0}
  m_PrefabAsset: {fileID: 0}
  m_GameObject: {fileID: 385959091}
  serializedVersion: 2
  m_LocalRotation: {x: 0, y: 0, z: 0, w: 1}
  m_LocalPosition: {x: -66.317825, y: 7.138674, z: 0}
  m_LocalScale: {x: 1, y: 1, z: 1}
  m_ConstrainProportionsScale: 0
  m_Children: []
  m_Father: {fileID: 0}
  m_LocalEulerAnglesHint: {x: 0, y: 0, z: 0}
--- !u!1 &454723257
GameObject:
  m_ObjectHideFlags: 0
  m_CorrespondingSourceObject: {fileID: 0}
  m_PrefabInstance: {fileID: 0}
  m_PrefabAsset: {fileID: 0}
  serializedVersion: 6
  m_Component:
  - component: {fileID: 454723259}
  - component: {fileID: 454723258}
  m_Layer: 0
  m_Name: Directional Light
  m_TagString: Untagged
  m_Icon: {fileID: 0}
  m_NavMeshLayer: 0
  m_StaticEditorFlags: 0
  m_IsActive: 1
--- !u!108 &454723258
Light:
  m_ObjectHideFlags: 0
  m_CorrespondingSourceObject: {fileID: 0}
  m_PrefabInstance: {fileID: 0}
  m_PrefabAsset: {fileID: 0}
  m_GameObject: {fileID: 454723257}
  m_Enabled: 1
  serializedVersion: 10
  m_Type: 1
  m_Shape: 0
  m_Color: {r: 1, g: 0.95686275, b: 0.8392157, a: 1}
  m_Intensity: 1
  m_Range: 10
  m_SpotAngle: 30
  m_InnerSpotAngle: 21.80208
  m_CookieSize: 10
  m_Shadows:
    m_Type: 2
    m_Resolution: -1
    m_CustomResolution: -1
    m_Strength: 1
    m_Bias: 0.05
    m_NormalBias: 0.4
    m_NearPlane: 0.2
    m_CullingMatrixOverride:
      e00: 1
      e01: 0
      e02: 0
      e03: 0
      e10: 0
      e11: 1
      e12: 0
      e13: 0
      e20: 0
      e21: 0
      e22: 1
      e23: 0
      e30: 0
      e31: 0
      e32: 0
      e33: 1
    m_UseCullingMatrixOverride: 0
  m_Cookie: {fileID: 0}
  m_DrawHalo: 0
  m_Flare: {fileID: 0}
  m_RenderMode: 0
  m_CullingMask:
    serializedVersion: 2
    m_Bits: 4294967295
  m_RenderingLayerMask: 1
  m_Lightmapping: 4
  m_LightShadowCasterMode: 0
  m_AreaSize: {x: 1, y: 1}
  m_BounceIntensity: 1
  m_ColorTemperature: 6570
  m_UseColorTemperature: 0
  m_BoundingSphereOverride: {x: 0, y: 0, z: 0, w: 0}
  m_UseBoundingSphereOverride: 0
  m_UseViewFrustumForShadowCasterCull: 1
  m_ShadowRadius: 0
  m_ShadowAngle: 0
--- !u!4 &454723259
Transform:
  m_ObjectHideFlags: 0
  m_CorrespondingSourceObject: {fileID: 0}
  m_PrefabInstance: {fileID: 0}
  m_PrefabAsset: {fileID: 0}
  m_GameObject: {fileID: 454723257}
  serializedVersion: 2
  m_LocalRotation: {x: 0.40821788, y: -0.23456968, z: 0.10938163, w: 0.8754261}
  m_LocalPosition: {x: 0, y: 3, z: 0}
  m_LocalScale: {x: 1, y: 1, z: 1}
  m_ConstrainProportionsScale: 0
  m_Children: []
  m_Father: {fileID: 0}
  m_LocalEulerAnglesHint: {x: 50, y: -30, z: 0}
--- !u!1 &593185335
GameObject:
  m_ObjectHideFlags: 0
  m_CorrespondingSourceObject: {fileID: 0}
  m_PrefabInstance: {fileID: 0}
  m_PrefabAsset: {fileID: 0}
  serializedVersion: 6
  m_Component:
  - component: {fileID: 593185338}
  - component: {fileID: 593185337}
  - component: {fileID: 593185336}
  m_Layer: 0
  m_Name: Crystal ground
  m_TagString: Untagged
  m_Icon: {fileID: 0}
  m_NavMeshLayer: 0
  m_StaticEditorFlags: 0
  m_IsActive: 1
--- !u!114 &593185336
MonoBehaviour:
  m_ObjectHideFlags: 0
  m_CorrespondingSourceObject: {fileID: 0}
  m_PrefabInstance: {fileID: 0}
  m_PrefabAsset: {fileID: 0}
  m_GameObject: {fileID: 593185335}
  m_Enabled: 1
  m_EditorHideFlags: 0
  m_Script: {fileID: 11500000, guid: 90539df1cd5704abcb25fec9f3f5f84b, type: 3}
  m_Name: 
  m_EditorClassIdentifier: 
  m_Spline:
    m_IsOpenEnded: 0
    m_ControlPoints:
    - position: {x: -4.955963, y: -9.162516, z: 0}
      leftTangent: {x: 0, y: 0, z: 0}
      rightTangent: {x: 0, y: 0, z: 0}
      mode: 0
      height: 1
      spriteIndex: 0
      corner: 1
      m_CornerMode: 1
    - position: {x: -2, y: 2, z: 0}
      leftTangent: {x: 0, y: 0, z: 0}
      rightTangent: {x: 0, y: 0, z: 0}
      mode: 0
      height: 1
      spriteIndex: 0
      corner: 1
      m_CornerMode: 1
    - position: {x: 2, y: 2, z: 0}
      leftTangent: {x: 0, y: 0, z: 0}
      rightTangent: {x: 0, y: 0, z: 0}
      mode: 0
      height: 1
      spriteIndex: 0
      corner: 1
      m_CornerMode: 1
    - position: {x: 21.32222, y: 2.4923916, z: 0}
      leftTangent: {x: 0, y: 0, z: 0}
      rightTangent: {x: 0, y: 0, z: 0}
      mode: 0
      height: 1
      spriteIndex: 0
      corner: 1
      m_CornerMode: 1
    - position: {x: 25.49984, y: -6.043604, z: 0}
      leftTangent: {x: 0, y: 0, z: 0}
      rightTangent: {x: 0, y: 0, z: 0}
      mode: 0
      height: 1
      spriteIndex: 0
      corner: 1
      m_CornerMode: 1
    - position: {x: 20.156502, y: -13.027828, z: 0}
      leftTangent: {x: 0, y: 0, z: 0}
      rightTangent: {x: 0, y: 0, z: 0}
      mode: 0
      height: 1
      spriteIndex: 0
      corner: 1
      m_CornerMode: 1
  m_SpriteShape: {fileID: 11400000, guid: cf6eebf1f87628445bdf5d151e526b9a, type: 2}
  m_FillPixelPerUnit: 100
  m_StretchTiling: 1
  m_SplineDetail: 16
  m_AdaptiveUV: 1
  m_StretchUV: 0
  m_WorldSpaceUV: 0
  m_CornerAngleThreshold: 30
  m_ColliderDetail: 16
  m_ColliderOffset: 0
  m_UpdateCollider: 1
  m_EnableTangents: 0
  m_GeometryCached: 0
  m_UTess2D: 1
  m_Creator: {fileID: 0}
  m_Modifiers: []
  m_ColliderSegment: []
--- !u!1971053207 &593185337
SpriteShapeRenderer:
  m_ObjectHideFlags: 0
  m_CorrespondingSourceObject: {fileID: 0}
  m_PrefabInstance: {fileID: 0}
  m_PrefabAsset: {fileID: 0}
  m_GameObject: {fileID: 593185335}
  m_Enabled: 1
  m_CastShadows: 1
  m_ReceiveShadows: 1
  m_DynamicOccludee: 0
  m_StaticShadowCaster: 0
  m_MotionVectors: 1
  m_LightProbeUsage: 1
  m_ReflectionProbeUsage: 1
  m_RayTracingMode: 0
  m_RayTraceProcedural: 0
  m_RenderingLayerMask: 1
  m_RendererPriority: 0
  m_Materials:
  - {fileID: 10754, guid: 0000000000000000f000000000000000, type: 0}
  - {fileID: 10754, guid: 0000000000000000f000000000000000, type: 0}
  m_StaticBatchInfo:
    firstSubMesh: 0
    subMeshCount: 0
  m_StaticBatchRoot: {fileID: 0}
  m_ProbeAnchor: {fileID: 0}
  m_LightProbeVolumeOverride: {fileID: 0}
  m_ScaleInLightmap: 1
  m_ReceiveGI: 1
  m_PreserveUVs: 0
  m_IgnoreNormalsForChartDetection: 0
  m_ImportantGI: 0
  m_StitchLightmapSeams: 1
  m_SelectedEditorRenderState: 0
  m_MinimumChartSize: 4
  m_AutoUVMaxDistance: 0.5
  m_AutoUVMaxAngle: 89
  m_LightmapParameters: {fileID: 0}
  m_SortingLayerID: 0
  m_SortingLayer: 0
  m_SortingOrder: 0
  m_Color: {r: 1, g: 1, b: 1, a: 1}
  m_MaskInteraction: 0
  m_ShapeTexture: {fileID: 2800000, guid: 0d915abe4c349be49ae8589d08446c76, type: 3}
  m_Sprites:
  - {fileID: -2136579560433905225, guid: a8154c1117a050841834ee7cffcc401c, type: 3}
  - {fileID: -593762016889409828, guid: a8154c1117a050841834ee7cffcc401c, type: 3}
  - {fileID: -3156776078801732084, guid: a8154c1117a050841834ee7cffcc401c, type: 3}
  - {fileID: -2136579560433905225, guid: a8154c1117a050841834ee7cffcc401c, type: 3}
  - {fileID: -593762016889409828, guid: a8154c1117a050841834ee7cffcc401c, type: 3}
  - {fileID: -3156776078801732084, guid: a8154c1117a050841834ee7cffcc401c, type: 3}
  - {fileID: -8960188106175320452, guid: a8154c1117a050841834ee7cffcc401c, type: 3}
  - {fileID: -4936887299264201902, guid: a8154c1117a050841834ee7cffcc401c, type: 3}
  - {fileID: -360925147101630463, guid: a8154c1117a050841834ee7cffcc401c, type: 3}
  m_LocalAABB:
    m_Center: {x: 10.285456, y: -5.387329, z: 0}
    m_Extent: {x: 16.573544, y: 8.938934, z: 0}
  m_SpriteSortPoint: 0
--- !u!4 &593185338
Transform:
  m_ObjectHideFlags: 0
  m_CorrespondingSourceObject: {fileID: 0}
  m_PrefabInstance: {fileID: 0}
  m_PrefabAsset: {fileID: 0}
  m_GameObject: {fileID: 593185335}
  serializedVersion: 2
  m_LocalRotation: {x: 0, y: 0, z: 0, w: 1}
  m_LocalPosition: {x: -88.39, y: 30.35, z: 0}
  m_LocalScale: {x: 1, y: 1, z: 1}
  m_ConstrainProportionsScale: 0
  m_Children: []
  m_Father: {fileID: 0}
  m_LocalEulerAnglesHint: {x: 0, y: 0, z: 0}
--- !u!1 &822041383
GameObject:
  m_ObjectHideFlags: 0
  m_CorrespondingSourceObject: {fileID: 0}
  m_PrefabInstance: {fileID: 0}
  m_PrefabAsset: {fileID: 0}
  serializedVersion: 6
  m_Component:
  - component: {fileID: 822041385}
  - component: {fileID: 822041384}
  m_Layer: 0
  m_Name: Background B
  m_TagString: Untagged
  m_Icon: {fileID: 0}
  m_NavMeshLayer: 0
  m_StaticEditorFlags: 0
  m_IsActive: 1
--- !u!212 &822041384
SpriteRenderer:
  m_ObjectHideFlags: 0
  m_CorrespondingSourceObject: {fileID: 0}
  m_PrefabInstance: {fileID: 0}
  m_PrefabAsset: {fileID: 0}
  m_GameObject: {fileID: 822041383}
  m_Enabled: 1
  m_CastShadows: 0
  m_ReceiveShadows: 0
  m_DynamicOccludee: 1
  m_StaticShadowCaster: 0
  m_MotionVectors: 1
  m_LightProbeUsage: 1
  m_ReflectionProbeUsage: 1
  m_RayTracingMode: 0
  m_RayTraceProcedural: 0
  m_RenderingLayerMask: 1
  m_RendererPriority: 0
  m_Materials:
  - {fileID: 10754, guid: 0000000000000000f000000000000000, type: 0}
  m_StaticBatchInfo:
    firstSubMesh: 0
    subMeshCount: 0
  m_StaticBatchRoot: {fileID: 0}
  m_ProbeAnchor: {fileID: 0}
  m_LightProbeVolumeOverride: {fileID: 0}
  m_ScaleInLightmap: 1
  m_ReceiveGI: 1
  m_PreserveUVs: 0
  m_IgnoreNormalsForChartDetection: 0
  m_ImportantGI: 0
  m_StitchLightmapSeams: 1
  m_SelectedEditorRenderState: 0
  m_MinimumChartSize: 4
  m_AutoUVMaxDistance: 0.5
  m_AutoUVMaxAngle: 89
  m_LightmapParameters: {fileID: 0}
  m_SortingLayerID: 0
  m_SortingLayer: 0
  m_SortingOrder: 0
  m_Sprite: {fileID: 21300000, guid: 7c9a2943310942d45b7f5b47ac1a0497, type: 3}
  m_Color: {r: 1, g: 1, b: 1, a: 1}
  m_FlipX: 0
  m_FlipY: 0
  m_DrawMode: 0
  m_Size: {x: 18.96, y: 15.39}
  m_AdaptiveModeThreshold: 0.5
  m_SpriteTileMode: 0
  m_WasSpriteAssigned: 1
  m_MaskInteraction: 0
  m_SpriteSortPoint: 0
--- !u!4 &822041385
Transform:
  m_ObjectHideFlags: 0
  m_CorrespondingSourceObject: {fileID: 0}
  m_PrefabInstance: {fileID: 0}
  m_PrefabAsset: {fileID: 0}
  m_GameObject: {fileID: 822041383}
  serializedVersion: 2
  m_LocalRotation: {x: 0, y: 0, z: 0, w: 1}
  m_LocalPosition: {x: -38.72347, y: 50.98001, z: 0}
  m_LocalScale: {x: 1, y: 1, z: 1}
  m_ConstrainProportionsScale: 0
  m_Children: []
  m_Father: {fileID: 0}
  m_LocalEulerAnglesHint: {x: 0, y: 0, z: 0}
--- !u!1 &1046656404
GameObject:
  m_ObjectHideFlags: 0
  m_CorrespondingSourceObject: {fileID: 0}
  m_PrefabInstance: {fileID: 0}
  m_PrefabAsset: {fileID: 0}
  serializedVersion: 6
  m_Component:
  - component: {fileID: 1046656407}
  - component: {fileID: 1046656406}
  - component: {fileID: 1046656405}
  m_Layer: 0
  m_Name: Crystal wall
  m_TagString: Untagged
  m_Icon: {fileID: 0}
  m_NavMeshLayer: 0
  m_StaticEditorFlags: 0
  m_IsActive: 1
--- !u!114 &1046656405
MonoBehaviour:
  m_ObjectHideFlags: 0
  m_CorrespondingSourceObject: {fileID: 0}
  m_PrefabInstance: {fileID: 0}
  m_PrefabAsset: {fileID: 0}
  m_GameObject: {fileID: 1046656404}
  m_Enabled: 1
  m_EditorHideFlags: 0
  m_Script: {fileID: 11500000, guid: 90539df1cd5704abcb25fec9f3f5f84b, type: 3}
  m_Name: 
  m_EditorClassIdentifier: 
  m_Spline:
    m_IsOpenEnded: 1
    m_ControlPoints:
    - position: {x: -2, y: 0, z: 0}
      leftTangent: {x: 0, y: 0, z: 0}
      rightTangent: {x: 6.6336846, y: 0.055695854, z: 0}
      mode: 2
      height: 1
      spriteIndex: 0
      corner: 1
      m_CornerMode: 1
    - position: {x: 17.901054, y: 0.16708755, z: 0}
      leftTangent: {x: -6.633684, y: -0.055695854, z: 0}
      rightTangent: {x: 0, y: 0, z: 0}
      mode: 2
      height: 1
      spriteIndex: 0
      corner: 1
      m_CornerMode: 1
  m_SpriteShape: {fileID: 11400000, guid: 8a204762c64e3f4439586b63f8667b7d, type: 2}
  m_FillPixelPerUnit: 100
  m_StretchTiling: 1
  m_SplineDetail: 16
  m_AdaptiveUV: 1
  m_StretchUV: 0
  m_WorldSpaceUV: 0
  m_CornerAngleThreshold: 30
  m_ColliderDetail: 16
  m_ColliderOffset: 0
  m_UpdateCollider: 1
  m_EnableTangents: 0
  m_GeometryCached: 0
  m_UTess2D: 1
  m_Creator: {fileID: 0}
  m_Modifiers: []
  m_ColliderSegment: []
--- !u!1971053207 &1046656406
SpriteShapeRenderer:
  m_ObjectHideFlags: 0
  m_CorrespondingSourceObject: {fileID: 0}
  m_PrefabInstance: {fileID: 0}
  m_PrefabAsset: {fileID: 0}
  m_GameObject: {fileID: 1046656404}
  m_Enabled: 1
  m_CastShadows: 1
  m_ReceiveShadows: 1
  m_DynamicOccludee: 0
  m_StaticShadowCaster: 0
  m_MotionVectors: 1
  m_LightProbeUsage: 1
  m_ReflectionProbeUsage: 1
  m_RayTracingMode: 0
  m_RayTraceProcedural: 0
  m_RenderingLayerMask: 1
  m_RendererPriority: 0
  m_Materials:
  - {fileID: 10754, guid: 0000000000000000f000000000000000, type: 0}
  - {fileID: 10754, guid: 0000000000000000f000000000000000, type: 0}
  m_StaticBatchInfo:
    firstSubMesh: 0
    subMeshCount: 0
  m_StaticBatchRoot: {fileID: 0}
  m_ProbeAnchor: {fileID: 0}
  m_LightProbeVolumeOverride: {fileID: 0}
  m_ScaleInLightmap: 1
  m_ReceiveGI: 1
  m_PreserveUVs: 0
  m_IgnoreNormalsForChartDetection: 0
  m_ImportantGI: 0
  m_StitchLightmapSeams: 1
  m_SelectedEditorRenderState: 0
  m_MinimumChartSize: 4
  m_AutoUVMaxDistance: 0.5
  m_AutoUVMaxAngle: 89
  m_LightmapParameters: {fileID: 0}
  m_SortingLayerID: 0
  m_SortingLayer: 0
  m_SortingOrder: 0
  m_Color: {r: 1, g: 1, b: 1, a: 1}
  m_MaskInteraction: 0
  m_ShapeTexture: {fileID: 0}
  m_Sprites:
  - {fileID: 2160062432602289835, guid: ee8e35787233a004f8646ba0f7e7dfe1, type: 3}
  m_LocalAABB:
    m_Center: {x: 7.592099, y: -0.10530043, z: 0}
    m_Extent: {x: 12.356805, y: 3.2434146, z: 0}
  m_SpriteSortPoint: 0
--- !u!4 &1046656407
Transform:
  m_ObjectHideFlags: 0
  m_CorrespondingSourceObject: {fileID: 0}
  m_PrefabInstance: {fileID: 0}
  m_PrefabAsset: {fileID: 0}
  m_GameObject: {fileID: 1046656404}
  serializedVersion: 2
  m_LocalRotation: {x: 0, y: 0, z: 0, w: 1}
  m_LocalPosition: {x: -80.66459, y: 41.303566, z: 0}
  m_LocalScale: {x: 1, y: 1, z: 1}
  m_ConstrainProportionsScale: 0
  m_Children: []
  m_Father: {fileID: 0}
  m_LocalEulerAnglesHint: {x: 0, y: 0, z: 0}
--- !u!1 &1052724190
GameObject:
  m_ObjectHideFlags: 0
  m_CorrespondingSourceObject: {fileID: 0}
  m_PrefabInstance: {fileID: 0}
  m_PrefabAsset: {fileID: 0}
  serializedVersion: 6
  m_Component:
  - component: {fileID: 1052724193}
  - component: {fileID: 1052724192}
  - component: {fileID: 1052724191}
  m_Layer: 0
  m_Name: Platform
  m_TagString: Untagged
  m_Icon: {fileID: 0}
  m_NavMeshLayer: 0
  m_StaticEditorFlags: 0
  m_IsActive: 1
--- !u!114 &1052724191
MonoBehaviour:
  m_ObjectHideFlags: 0
  m_CorrespondingSourceObject: {fileID: 0}
  m_PrefabInstance: {fileID: 0}
  m_PrefabAsset: {fileID: 0}
  m_GameObject: {fileID: 1052724190}
  m_Enabled: 1
  m_EditorHideFlags: 0
  m_Script: {fileID: 11500000, guid: 90539df1cd5704abcb25fec9f3f5f84b, type: 3}
  m_Name: 
  m_EditorClassIdentifier: 
  m_Spline:
    m_IsOpenEnded: 1
    m_ControlPoints:
    - position: {x: -2, y: 0, z: 0}
      leftTangent: {x: 0, y: 0, z: 0}
      rightTangent: {x: 0, y: 0, z: 0}
      mode: 0
      height: 1
      spriteIndex: 0
      corner: 0
      m_CornerMode: 1
    - position: {x: 2, y: 0, z: 0}
      leftTangent: {x: 0, y: 0, z: 0}
      rightTangent: {x: 0, y: 0, z: 0}
      mode: 0
      height: 1
      spriteIndex: 0
      corner: 0
      m_CornerMode: 1
  m_SpriteShape: {fileID: 11400000, guid: ae2b093ac8a45d642981773b7a2b7a59, type: 2}
  m_FillPixelPerUnit: 100
  m_StretchTiling: 1
  m_SplineDetail: 16
  m_AdaptiveUV: 1
  m_StretchUV: 0
  m_WorldSpaceUV: 0
  m_CornerAngleThreshold: 30
  m_ColliderDetail: 16
  m_ColliderOffset: 0
  m_UpdateCollider: 1
  m_EnableTangents: 0
  m_GeometryCached: 0
  m_UTess2D: 1
  m_Creator: {fileID: 0}
  m_Modifiers: []
  m_ColliderSegment: []
--- !u!1971053207 &1052724192
SpriteShapeRenderer:
  m_ObjectHideFlags: 0
  m_CorrespondingSourceObject: {fileID: 0}
  m_PrefabInstance: {fileID: 0}
  m_PrefabAsset: {fileID: 0}
  m_GameObject: {fileID: 1052724190}
  m_Enabled: 1
  m_CastShadows: 1
  m_ReceiveShadows: 1
  m_DynamicOccludee: 0
  m_StaticShadowCaster: 0
  m_MotionVectors: 1
  m_LightProbeUsage: 1
  m_ReflectionProbeUsage: 1
  m_RayTracingMode: 0
  m_RayTraceProcedural: 0
  m_RenderingLayerMask: 1
  m_RendererPriority: 0
  m_Materials:
  - {fileID: 10754, guid: 0000000000000000f000000000000000, type: 0}
  - {fileID: 10754, guid: 0000000000000000f000000000000000, type: 0}
  m_StaticBatchInfo:
    firstSubMesh: 0
    subMeshCount: 0
  m_StaticBatchRoot: {fileID: 0}
  m_ProbeAnchor: {fileID: 0}
  m_LightProbeVolumeOverride: {fileID: 0}
  m_ScaleInLightmap: 1
  m_ReceiveGI: 1
  m_PreserveUVs: 0
  m_IgnoreNormalsForChartDetection: 0
  m_ImportantGI: 0
  m_StitchLightmapSeams: 1
  m_SelectedEditorRenderState: 0
  m_MinimumChartSize: 4
  m_AutoUVMaxDistance: 0.5
  m_AutoUVMaxAngle: 89
  m_LightmapParameters: {fileID: 0}
  m_SortingLayerID: 0
  m_SortingLayer: 0
  m_SortingOrder: 0
  m_Color: {r: 1, g: 1, b: 1, a: 1}
  m_MaskInteraction: 0
  m_ShapeTexture: {fileID: 0}
  m_Sprites:
  - {fileID: 21300004, guid: 42c39b83f4d5f03479ee7513a0efff7a, type: 3}
  m_LocalAABB:
    m_Center: {x: -0.01999998, y: 0, z: 0}
    m_Extent: {x: 3.13, y: 0.97999996, z: 0}
  m_SpriteSortPoint: 0
--- !u!4 &1052724193
Transform:
  m_ObjectHideFlags: 0
  m_CorrespondingSourceObject: {fileID: 0}
  m_PrefabInstance: {fileID: 0}
  m_PrefabAsset: {fileID: 0}
  m_GameObject: {fileID: 1052724190}
  serializedVersion: 2
  m_LocalRotation: {x: 0, y: 0, z: 0, w: 1}
  m_LocalPosition: {x: -46.53126, y: 21.361082, z: 0}
  m_LocalScale: {x: 1, y: 1, z: 1}
  m_ConstrainProportionsScale: 0
  m_Children: []
  m_Father: {fileID: 0}
  m_LocalEulerAnglesHint: {x: 0, y: 0, z: 0}
--- !u!1001 &1577441556
PrefabInstance:
  m_ObjectHideFlags: 0
  serializedVersion: 2
  m_Modification:
    serializedVersion: 3
    m_TransformParent: {fileID: 0}
    m_Modifications:
    - target: {fileID: 2056657287156876879, guid: 4e4ca1eb5da6b6c4caf83b25acbf7bf7, type: 3}
      propertyPath: m_LocalPosition.x
      value: -97.83038
      objectReference: {fileID: 0}
    - target: {fileID: 2056657287156876879, guid: 4e4ca1eb5da6b6c4caf83b25acbf7bf7, type: 3}
      propertyPath: m_LocalPosition.y
      value: 11.17515
      objectReference: {fileID: 0}
    - target: {fileID: 2056657287156876879, guid: 4e4ca1eb5da6b6c4caf83b25acbf7bf7, type: 3}
      propertyPath: m_LocalPosition.z
      value: 0
      objectReference: {fileID: 0}
    - target: {fileID: 2056657287156876879, guid: 4e4ca1eb5da6b6c4caf83b25acbf7bf7, type: 3}
      propertyPath: m_LocalRotation.w
      value: 1
      objectReference: {fileID: 0}
    - target: {fileID: 2056657287156876879, guid: 4e4ca1eb5da6b6c4caf83b25acbf7bf7, type: 3}
      propertyPath: m_LocalRotation.x
      value: 0
      objectReference: {fileID: 0}
    - target: {fileID: 2056657287156876879, guid: 4e4ca1eb5da6b6c4caf83b25acbf7bf7, type: 3}
      propertyPath: m_LocalRotation.y
      value: 0
      objectReference: {fileID: 0}
    - target: {fileID: 2056657287156876879, guid: 4e4ca1eb5da6b6c4caf83b25acbf7bf7, type: 3}
      propertyPath: m_LocalRotation.z
      value: 0
      objectReference: {fileID: 0}
    - target: {fileID: 2056657287156876879, guid: 4e4ca1eb5da6b6c4caf83b25acbf7bf7, type: 3}
      propertyPath: m_LocalEulerAnglesHint.x
      value: 0
      objectReference: {fileID: 0}
    - target: {fileID: 2056657287156876879, guid: 4e4ca1eb5da6b6c4caf83b25acbf7bf7, type: 3}
      propertyPath: m_LocalEulerAnglesHint.y
      value: 0
      objectReference: {fileID: 0}
    - target: {fileID: 2056657287156876879, guid: 4e4ca1eb5da6b6c4caf83b25acbf7bf7, type: 3}
      propertyPath: m_LocalEulerAnglesHint.z
      value: 0
      objectReference: {fileID: 0}
    - target: {fileID: 2945311279353367879, guid: 4e4ca1eb5da6b6c4caf83b25acbf7bf7, type: 3}
      propertyPath: m_Name
      value: Box
      objectReference: {fileID: 0}
    m_RemovedComponents: []
    m_RemovedGameObjects: []
    m_AddedGameObjects: []
    m_AddedComponents: []
  m_SourcePrefab: {fileID: 100100000, guid: 4e4ca1eb5da6b6c4caf83b25acbf7bf7, type: 3}
--- !u!1 &1659469087
GameObject:
  m_ObjectHideFlags: 0
  m_CorrespondingSourceObject: {fileID: 0}
  m_PrefabInstance: {fileID: 0}
  m_PrefabAsset: {fileID: 0}
  serializedVersion: 6
  m_Component:
  - component: {fileID: 1659469090}
  - component: {fileID: 1659469089}
  - component: {fileID: 1659469088}
  m_Layer: 0
  m_Name: Main Camera
  m_TagString: MainCamera
  m_Icon: {fileID: 0}
  m_NavMeshLayer: 0
  m_StaticEditorFlags: 0
  m_IsActive: 1
--- !u!81 &1659469088
AudioListener:
  m_ObjectHideFlags: 0
  m_CorrespondingSourceObject: {fileID: 0}
  m_PrefabInstance: {fileID: 0}
  m_PrefabAsset: {fileID: 0}
  m_GameObject: {fileID: 1659469087}
  m_Enabled: 1
--- !u!20 &1659469089
Camera:
  m_ObjectHideFlags: 0
  m_CorrespondingSourceObject: {fileID: 0}
  m_PrefabInstance: {fileID: 0}
  m_PrefabAsset: {fileID: 0}
  m_GameObject: {fileID: 1659469087}
  m_Enabled: 1
  serializedVersion: 2
  m_ClearFlags: 1
  m_BackGroundColor: {r: 0.19215687, g: 0.3019608, b: 0.4745098, a: 0}
  m_projectionMatrixMode: 1
  m_GateFitMode: 2
  m_FOVAxisMode: 0
  m_Iso: 200
  m_ShutterSpeed: 0.005
  m_Aperture: 16
  m_FocusDistance: 10
  m_FocalLength: 50
  m_BladeCount: 5
  m_Curvature: {x: 2, y: 11}
  m_BarrelClipping: 0.25
  m_Anamorphism: 0
  m_SensorSize: {x: 36, y: 24}
  m_LensShift: {x: 0, y: 0}
  m_NormalizedViewPortRect:
    serializedVersion: 2
    x: 0
    y: 0
    width: 1
    height: 1
  near clip plane: 0.3
  far clip plane: 1000
  field of view: 60
  orthographic: 0
  orthographic size: 5
  m_Depth: -1
  m_CullingMask:
    serializedVersion: 2
    m_Bits: 4294967295
  m_RenderingPath: -1
  m_TargetTexture: {fileID: 0}
  m_TargetDisplay: 0
  m_TargetEye: 3
  m_HDR: 1
  m_AllowMSAA: 1
  m_AllowDynamicResolution: 0
  m_ForceIntoRT: 0
  m_OcclusionCulling: 1
  m_StereoConvergence: 10
  m_StereoSeparation: 0.022
--- !u!4 &1659469090
Transform:
  m_ObjectHideFlags: 0
  m_CorrespondingSourceObject: {fileID: 0}
  m_PrefabInstance: {fileID: 0}
  m_PrefabAsset: {fileID: 0}
  m_GameObject: {fileID: 1659469087}
  serializedVersion: 2
  m_LocalRotation: {x: 0, y: 0, z: 0, w: 1}
  m_LocalPosition: {x: 0, y: 1, z: -10}
  m_LocalScale: {x: 1, y: 1, z: 1}
  m_ConstrainProportionsScale: 0
  m_Children: []
  m_Father: {fileID: 0}
  m_LocalEulerAnglesHint: {x: 0, y: 0, z: 0}
--- !u!1 &1740438569
GameObject:
  m_ObjectHideFlags: 0
  m_CorrespondingSourceObject: {fileID: 0}
  m_PrefabInstance: {fileID: 0}
  m_PrefabAsset: {fileID: 0}
  serializedVersion: 6
  m_Component:
  - component: {fileID: 1740438572}
  - component: {fileID: 1740438571}
  - component: {fileID: 1740438570}
  m_Layer: 0
  m_Name: Wox grass
  m_TagString: Untagged
  m_Icon: {fileID: 0}
  m_NavMeshLayer: 0
  m_StaticEditorFlags: 0
  m_IsActive: 1
--- !u!114 &1740438570
MonoBehaviour:
  m_ObjectHideFlags: 0
  m_CorrespondingSourceObject: {fileID: 0}
  m_PrefabInstance: {fileID: 0}
  m_PrefabAsset: {fileID: 0}
  m_GameObject: {fileID: 1740438569}
  m_Enabled: 1
  m_EditorHideFlags: 0
  m_Script: {fileID: 11500000, guid: 90539df1cd5704abcb25fec9f3f5f84b, type: 3}
  m_Name: 
  m_EditorClassIdentifier: 
  m_Spline:
    m_IsOpenEnded: 0
    m_ControlPoints:
    - position: {x: -22.380959, y: -10.64762, z: 0}
      leftTangent: {x: 0, y: 0, z: 0}
      rightTangent: {x: 0, y: 0, z: 0}
      mode: 0
      height: 1
      spriteIndex: 0
      corner: 1
      m_CornerMode: 1
    - position: {x: -20.876198, y: 1.7904763, z: 0}
      leftTangent: {x: 0, y: 0, z: 0}
      rightTangent: {x: 0, y: 0, z: 0}
      mode: 0
      height: 1
      spriteIndex: 0
      corner: 1
      m_CornerMode: 1
    - position: {x: -1.7832947, y: 0.04969287, z: 0}
      leftTangent: {x: -6.211891, y: 1.0038946, z: 0}
      rightTangent: {x: 11.371422, y: -1.8377206, z: 0}
      mode: 1
      height: 1
      spriteIndex: 0
      corner: 1
      m_CornerMode: 1
    - position: {x: 20.477432, y: 2.300452, z: 0}
      leftTangent: {x: -7.482216, y: -0.52721596, z: 0}
      rightTangent: {x: 1.0982285, y: 0.07757473, z: 0}
      mode: 1
      height: 1
      spriteIndex: 0
      corner: 1
      m_CornerMode: 1
    - position: {x: 23.886803, y: 2.4875777, z: 0}
      leftTangent: {x: -1.104454, y: -0.020802498, z: 0}
      rightTangent: {x: -1.5845413, y: -2.1986308, z: 0}
      mode: 2
      height: 1
      spriteIndex: 0
      corner: 1
      m_CornerMode: 1
    - position: {x: 26.436707, y: -7.721985, z: 0}
      leftTangent: {x: 1.584549, y: 2.1986232, z: 0}
      rightTangent: {x: -2.1354904, y: -2.9630947, z: 0}
      mode: 1
      height: 1
      spriteIndex: 0
      corner: 1
      m_CornerMode: 1
    - position: {x: 12.7267, y: -12.99758, z: 0}
      leftTangent: {x: 2.1354904, y: 2.963089, z: 0}
      rightTangent: {x: 0, y: 0, z: 0}
      mode: 2
      height: 2
      spriteIndex: 2
      corner: 1
      m_CornerMode: 1
  m_SpriteShape: {fileID: 11400000, guid: b1780f16a3dae2b488d9b9c30b6c905a, type: 2}
  m_FillPixelPerUnit: 100
  m_StretchTiling: 1
  m_SplineDetail: 16
  m_AdaptiveUV: 1
  m_StretchUV: 0
  m_WorldSpaceUV: 0
  m_CornerAngleThreshold: 30
  m_ColliderDetail: 16
  m_ColliderOffset: 0
  m_UpdateCollider: 1
  m_EnableTangents: 0
  m_GeometryCached: 0
  m_UTess2D: 1
  m_Creator: {fileID: 0}
  m_Modifiers: []
  m_ColliderSegment: []
--- !u!1971053207 &1740438571
SpriteShapeRenderer:
  m_ObjectHideFlags: 0
  m_CorrespondingSourceObject: {fileID: 0}
  m_PrefabInstance: {fileID: 0}
  m_PrefabAsset: {fileID: 0}
  m_GameObject: {fileID: 1740438569}
  m_Enabled: 1
  m_CastShadows: 1
  m_ReceiveShadows: 1
  m_DynamicOccludee: 0
  m_StaticShadowCaster: 0
  m_MotionVectors: 1
  m_LightProbeUsage: 1
  m_ReflectionProbeUsage: 1
  m_RayTracingMode: 0
  m_RayTraceProcedural: 0
  m_RenderingLayerMask: 1
  m_RendererPriority: 0
  m_Materials:
  - {fileID: 10754, guid: 0000000000000000f000000000000000, type: 0}
  - {fileID: 10754, guid: 0000000000000000f000000000000000, type: 0}
  m_StaticBatchInfo:
    firstSubMesh: 0
    subMeshCount: 0
  m_StaticBatchRoot: {fileID: 0}
  m_ProbeAnchor: {fileID: 0}
  m_LightProbeVolumeOverride: {fileID: 0}
  m_ScaleInLightmap: 1
  m_ReceiveGI: 1
  m_PreserveUVs: 0
  m_IgnoreNormalsForChartDetection: 0
  m_ImportantGI: 0
  m_StitchLightmapSeams: 1
  m_SelectedEditorRenderState: 0
  m_MinimumChartSize: 4
  m_AutoUVMaxDistance: 0.5
  m_AutoUVMaxAngle: 89
  m_LightmapParameters: {fileID: 0}
  m_SortingLayerID: 0
  m_SortingLayer: 0
  m_SortingOrder: 0
  m_Color: {r: 1, g: 1, b: 1, a: 1}
  m_MaskInteraction: 0
  m_ShapeTexture: {fileID: 2800000, guid: 74457bb6837ce5e4ebd2b829ccdb97a0, type: 3}
  m_Sprites:
  - {fileID: -8339769387016549928, guid: a9039dd5570910f4da903c4dd164a44b, type: 3}
  - {fileID: 7967662639705856509, guid: a9039dd5570910f4da903c4dd164a44b, type: 3}
  - {fileID: -863420000535646231, guid: a9039dd5570910f4da903c4dd164a44b, type: 3}
  - {fileID: -8339769387016549928, guid: a9039dd5570910f4da903c4dd164a44b, type: 3}
  - {fileID: 7967662639705856509, guid: a9039dd5570910f4da903c4dd164a44b, type: 3}
  - {fileID: -863420000535646231, guid: a9039dd5570910f4da903c4dd164a44b, type: 3}
  - {fileID: -8339769387016549928, guid: a9039dd5570910f4da903c4dd164a44b, type: 3}
  - {fileID: 7967662639705856509, guid: a9039dd5570910f4da903c4dd164a44b, type: 3}
  - {fileID: -863420000535646231, guid: a9039dd5570910f4da903c4dd164a44b, type: 3}
  - {fileID: 6054270414955295349, guid: a9039dd5570910f4da903c4dd164a44b, type: 3}
  - {fileID: -450873449423121466, guid: a9039dd5570910f4da903c4dd164a44b, type: 3}
  - {fileID: -7027585254569617934, guid: a9039dd5570910f4da903c4dd164a44b, type: 3}
  m_LocalAABB:
    m_Center: {x: 2.1246681, y: -5.6819563, z: 0}
    m_Extent: {x: 25.775726, y: 9.641959, z: 0}
  m_SpriteSortPoint: 0
--- !u!4 &1740438572
Transform:
  m_ObjectHideFlags: 0
  m_CorrespondingSourceObject: {fileID: 0}
  m_PrefabInstance: {fileID: 0}
  m_PrefabAsset: {fileID: 0}
  m_GameObject: {fileID: 1740438569}
  serializedVersion: 2
  m_LocalRotation: {x: 0, y: 0, z: 0, w: 1}
  m_LocalPosition: {x: -125.56133, y: 2.1311014, z: 0}
  m_LocalScale: {x: 1, y: 1, z: 1}
  m_ConstrainProportionsScale: 0
  m_Children: []
  m_Father: {fileID: 0}
  m_LocalEulerAnglesHint: {x: 0, y: 0, z: 0}
--- !u!1 &1936483051
GameObject:
  m_ObjectHideFlags: 0
  m_CorrespondingSourceObject: {fileID: 0}
  m_PrefabInstance: {fileID: 0}
  m_PrefabAsset: {fileID: 0}
  serializedVersion: 6
  m_Component:
  - component: {fileID: 1936483054}
  - component: {fileID: 1936483053}
  - component: {fileID: 1936483052}
  m_Layer: 0
  m_Name: Coral
  m_TagString: Untagged
  m_Icon: {fileID: 0}
  m_NavMeshLayer: 0
  m_StaticEditorFlags: 0
  m_IsActive: 1
--- !u!114 &1936483052
MonoBehaviour:
  m_ObjectHideFlags: 0
  m_CorrespondingSourceObject: {fileID: 0}
  m_PrefabInstance: {fileID: 0}
  m_PrefabAsset: {fileID: 0}
  m_GameObject: {fileID: 1936483051}
  m_Enabled: 1
  m_EditorHideFlags: 0
  m_Script: {fileID: 11500000, guid: 90539df1cd5704abcb25fec9f3f5f84b, type: 3}
  m_Name: 
  m_EditorClassIdentifier: 
  m_Spline:
    m_IsOpenEnded: 1
    m_ControlPoints:
    - position: {x: -2, y: 0, z: 0}
      leftTangent: {x: 0, y: 0, z: 0}
      rightTangent: {x: 0, y: 0, z: 0}
      mode: 0
      height: 1
      spriteIndex: 0
      corner: 1
      m_CornerMode: 1
    - position: {x: -1.3292999, y: 3.491706, z: 0}
      leftTangent: {x: 0, y: 0, z: 0}
      rightTangent: {x: 0, y: 0, z: 0}
      mode: 0
      height: 1
      spriteIndex: 0
      corner: 1
      m_CornerMode: 1
  m_SpriteShape: {fileID: 11400000, guid: a4f59e2879d7b434c84de53504d68660, type: 2}
  m_FillPixelPerUnit: 100
  m_StretchTiling: 1
  m_SplineDetail: 16
  m_AdaptiveUV: 1
  m_StretchUV: 0
  m_WorldSpaceUV: 0
  m_CornerAngleThreshold: 30
  m_ColliderDetail: 16
  m_ColliderOffset: 0
  m_UpdateCollider: 1
  m_EnableTangents: 0
  m_GeometryCached: 0
  m_UTess2D: 1
  m_Creator: {fileID: 0}
  m_Modifiers: []
  m_ColliderSegment: []
--- !u!1971053207 &1936483053
SpriteShapeRenderer:
  m_ObjectHideFlags: 0
  m_CorrespondingSourceObject: {fileID: 0}
  m_PrefabInstance: {fileID: 0}
  m_PrefabAsset: {fileID: 0}
  m_GameObject: {fileID: 1936483051}
  m_Enabled: 1
  m_CastShadows: 1
  m_ReceiveShadows: 1
  m_DynamicOccludee: 0
  m_StaticShadowCaster: 0
  m_MotionVectors: 1
  m_LightProbeUsage: 1
  m_ReflectionProbeUsage: 1
  m_RayTracingMode: 0
  m_RayTraceProcedural: 0
  m_RenderingLayerMask: 1
  m_RendererPriority: 0
  m_Materials:
  - {fileID: 10754, guid: 0000000000000000f000000000000000, type: 0}
  - {fileID: 10754, guid: 0000000000000000f000000000000000, type: 0}
  m_StaticBatchInfo:
    firstSubMesh: 0
    subMeshCount: 0
  m_StaticBatchRoot: {fileID: 0}
  m_ProbeAnchor: {fileID: 0}
  m_LightProbeVolumeOverride: {fileID: 0}
  m_ScaleInLightmap: 1
  m_ReceiveGI: 1
  m_PreserveUVs: 0
  m_IgnoreNormalsForChartDetection: 0
  m_ImportantGI: 0
  m_StitchLightmapSeams: 1
  m_SelectedEditorRenderState: 0
  m_MinimumChartSize: 4
  m_AutoUVMaxDistance: 0.5
  m_AutoUVMaxAngle: 89
  m_LightmapParameters: {fileID: 0}
  m_SortingLayerID: 0
  m_SortingLayer: 0
  m_SortingOrder: 0
  m_Color: {r: 1, g: 1, b: 1, a: 1}
  m_MaskInteraction: 0
  m_ShapeTexture: {fileID: 2800000, guid: 38a0c1341e631f34798f056ea30c69fc, type: 3}
  m_Sprites:
  - {fileID: 21300000, guid: 77f4c1bac56090d42bf12d77aa9f52c0, type: 3}
  m_LocalAABB:
    m_Center: {x: -1.7497772, y: 1.7571145, z: 0}
    m_Extent: {x: 1.7582036, y: 2.7521653, z: 0}
  m_SpriteSortPoint: 0
--- !u!4 &1936483054
Transform:
  m_ObjectHideFlags: 0
  m_CorrespondingSourceObject: {fileID: 0}
  m_PrefabInstance: {fileID: 0}
  m_PrefabAsset: {fileID: 0}
  m_GameObject: {fileID: 1936483051}
  serializedVersion: 2
  m_LocalRotation: {x: 0, y: 0, z: 0, w: 1}
  m_LocalPosition: {x: -91.10783, y: -1.1722636, z: 0}
  m_LocalScale: {x: 1, y: 1, z: 1}
  m_ConstrainProportionsScale: 0
  m_Children: []
  m_Father: {fileID: 0}
  m_LocalEulerAnglesHint: {x: 0, y: 0, z: 0}
--- !u!1 &1952059337
GameObject:
  m_ObjectHideFlags: 0
  m_CorrespondingSourceObject: {fileID: 0}
  m_PrefabInstance: {fileID: 0}
  m_PrefabAsset: {fileID: 0}
  serializedVersion: 6
  m_Component:
  - component: {fileID: 1952059340}
  - component: {fileID: 1952059339}
  - component: {fileID: 1952059338}
  m_Layer: 0
  m_Name: Desert ground
  m_TagString: Untagged
  m_Icon: {fileID: 0}
  m_NavMeshLayer: 0
  m_StaticEditorFlags: 0
  m_IsActive: 1
--- !u!114 &1952059338
MonoBehaviour:
  m_ObjectHideFlags: 0
  m_CorrespondingSourceObject: {fileID: 0}
  m_PrefabInstance: {fileID: 0}
  m_PrefabAsset: {fileID: 0}
  m_GameObject: {fileID: 1952059337}
  m_Enabled: 1
  m_EditorHideFlags: 0
  m_Script: {fileID: 11500000, guid: 90539df1cd5704abcb25fec9f3f5f84b, type: 3}
  m_Name: 
  m_EditorClassIdentifier: 
  m_Spline:
    m_IsOpenEnded: 0
    m_ControlPoints:
    - position: {x: -10.569542, y: -3.4919357, z: 0}
      leftTangent: {x: 6.0814133, y: -1.4637432, z: 0}
      rightTangent: {x: -3.0491943, y: 0.7339134, z: 0}
      mode: 1
      height: 1
      spriteIndex: 0
      corner: 1
      m_CornerMode: 1
    - position: {x: -18.892601, y: 0.89582825, z: 0}
      leftTangent: {x: 0.043701172, y: -3.1359673, z: 0}
      rightTangent: {x: -0.035224915, y: 2.5276089, z: 0}
      mode: 1
      height: 1
      spriteIndex: 0
      corner: 1
      m_CornerMode: 1
    - position: {x: -18.004433, y: 6.214981, z: 0}
      leftTangent: {x: 0, y: 0, z: 0}
      rightTangent: {x: 0, y: 0, z: 0}
      mode: 0
      height: 1
      spriteIndex: 0
      corner: 1
      m_CornerMode: 1
    - position: {x: -17.622597, y: 10.872601, z: 0}
      leftTangent: {x: 0, y: 0, z: 0}
      rightTangent: {x: 0, y: 0, z: 0}
      mode: 0
      height: 1
      spriteIndex: 0
      corner: 1
      m_CornerMode: 1
    - position: {x: -10.279556, y: 10.187004, z: 0}
      leftTangent: {x: -3.326149, y: -0.19608688, z: 0}
      rightTangent: {x: 3.9910736, y: 0.23528671, z: 0}
      mode: 1
      height: 1
      spriteIndex: 2
      corner: 1
      m_CornerMode: 1
    - position: {x: -0.5892334, y: 9.782875, z: 0}
      leftTangent: {x: -3.9496613, y: -0.397377, z: 0}
      rightTangent: {x: 3.4431305, y: 0.34641647, z: 0}
      mode: 1
      height: 1
      spriteIndex: 0
      corner: 1
      m_CornerMode: 1
    - position: {x: 11.43425, y: 8.697884, z: 0}
      leftTangent: {x: 0, y: 0, z: 0}
      rightTangent: {x: 0, y: 0, z: 0}
      mode: 0
      height: 1
      spriteIndex: 0
      corner: 1
      m_CornerMode: 1
    - position: {x: 8.194191, y: -3.2525215, z: 0}
      leftTangent: {x: 2.7816086, y: 2.2731361, z: 0}
      rightTangent: {x: -4.843498, y: -3.9581108, z: 0}
      mode: 1
      height: 1
      spriteIndex: 0
      corner: 1
      m_CornerMode: 1
  m_SpriteShape: {fileID: 11400000, guid: b285aece9e3e80641a6ccb11c913379d, type: 2}
  m_FillPixelPerUnit: 100
  m_StretchTiling: 1
  m_SplineDetail: 16
  m_AdaptiveUV: 1
  m_StretchUV: 0
  m_WorldSpaceUV: 0
  m_CornerAngleThreshold: 30
  m_ColliderDetail: 16
  m_ColliderOffset: 0
  m_UpdateCollider: 1
  m_EnableTangents: 0
  m_GeometryCached: 0
  m_UTess2D: 1
  m_Creator: {fileID: 0}
  m_Modifiers: []
  m_ColliderSegment: []
--- !u!1971053207 &1952059339
SpriteShapeRenderer:
  m_ObjectHideFlags: 0
  m_CorrespondingSourceObject: {fileID: 0}
  m_PrefabInstance: {fileID: 0}
  m_PrefabAsset: {fileID: 0}
  m_GameObject: {fileID: 1952059337}
  m_Enabled: 1
  m_CastShadows: 1
  m_ReceiveShadows: 1
  m_DynamicOccludee: 0
  m_StaticShadowCaster: 0
  m_MotionVectors: 1
  m_LightProbeUsage: 1
  m_ReflectionProbeUsage: 1
  m_RayTracingMode: 0
  m_RayTraceProcedural: 0
  m_RenderingLayerMask: 1
  m_RendererPriority: 0
  m_Materials:
  - {fileID: 10754, guid: 0000000000000000f000000000000000, type: 0}
  - {fileID: 10754, guid: 0000000000000000f000000000000000, type: 0}
  m_StaticBatchInfo:
    firstSubMesh: 0
    subMeshCount: 0
  m_StaticBatchRoot: {fileID: 0}
  m_ProbeAnchor: {fileID: 0}
  m_LightProbeVolumeOverride: {fileID: 0}
  m_ScaleInLightmap: 1
  m_ReceiveGI: 1
  m_PreserveUVs: 0
  m_IgnoreNormalsForChartDetection: 0
  m_ImportantGI: 0
  m_StitchLightmapSeams: 1
  m_SelectedEditorRenderState: 0
  m_MinimumChartSize: 4
  m_AutoUVMaxDistance: 0.5
  m_AutoUVMaxAngle: 89
  m_LightmapParameters: {fileID: 0}
  m_SortingLayerID: 0
  m_SortingLayer: 0
  m_SortingOrder: 0
  m_Color: {r: 1, g: 1, b: 1, a: 1}
  m_MaskInteraction: 0
  m_ShapeTexture: {fileID: 2800000, guid: c26d630fb6ce1d748b21b53cd95864cc, type: 3}
  m_Sprites:
  - {fileID: -661286010018640587, guid: 043751668926e9c448b4718e7ac4b9b1, type: 3}
  - {fileID: -7014910735687747855, guid: 043751668926e9c448b4718e7ac4b9b1, type: 3}
  - {fileID: 4187506444681584793, guid: 043751668926e9c448b4718e7ac4b9b1, type: 3}
  - {fileID: -5966001896363984270, guid: 043751668926e9c448b4718e7ac4b9b1, type: 3}
  - {fileID: 5360272856096414184, guid: 043751668926e9c448b4718e7ac4b9b1, type: 3}
  - {fileID: 3603313356302711900, guid: 043751668926e9c448b4718e7ac4b9b1, type: 3}
  - {fileID: 3546912616219789241, guid: 043751668926e9c448b4718e7ac4b9b1, type: 3}
  m_LocalAABB:
    m_Center: {x: -3.7290783, y: 3.0489454, z: 0}
    m_Extent: {x: 15.9062195, y: 9.261038, z: 0}
  m_SpriteSortPoint: 0
--- !u!4 &1952059340
Transform:
  m_ObjectHideFlags: 0
  m_CorrespondingSourceObject: {fileID: 0}
  m_PrefabInstance: {fileID: 0}
  m_PrefabAsset: {fileID: 0}
  m_GameObject: {fileID: 1952059337}
  serializedVersion: 2
  m_LocalRotation: {x: 0, y: 0, z: 0, w: 1}
  m_LocalPosition: {x: -107.129875, y: 26.477703, z: 0}
  m_LocalScale: {x: 1, y: 1, z: 1}
  m_ConstrainProportionsScale: 0
  m_Children: []
  m_Father: {fileID: 0}
  m_LocalEulerAnglesHint: {x: 0, y: 0, z: 0}
--- !u!1 &2083039377
GameObject:
  m_ObjectHideFlags: 0
  m_CorrespondingSourceObject: {fileID: 0}
  m_PrefabInstance: {fileID: 0}
  m_PrefabAsset: {fileID: 0}
  serializedVersion: 6
  m_Component:
  - component: {fileID: 2083039380}
  - component: {fileID: 2083039379}
  - component: {fileID: 2083039378}
  m_Layer: 0
  m_Name: Underworld ground
  m_TagString: Untagged
  m_Icon: {fileID: 0}
  m_NavMeshLayer: 0
  m_StaticEditorFlags: 0
  m_IsActive: 1
--- !u!114 &2083039378
MonoBehaviour:
  m_ObjectHideFlags: 0
  m_CorrespondingSourceObject: {fileID: 0}
  m_PrefabInstance: {fileID: 0}
  m_PrefabAsset: {fileID: 0}
  m_GameObject: {fileID: 2083039377}
  m_Enabled: 1
  m_EditorHideFlags: 0
  m_Script: {fileID: 11500000, guid: 90539df1cd5704abcb25fec9f3f5f84b, type: 3}
  m_Name: 
  m_EditorClassIdentifier: 
  m_Spline:
    m_IsOpenEnded: 0
    m_ControlPoints:
    - position: {x: -2, y: -2, z: 0}
      leftTangent: {x: 0, y: 0, z: 0}
      rightTangent: {x: 0, y: 0, z: 0}
      mode: 0
      height: 1
      spriteIndex: 0
      corner: 0
      m_CornerMode: 1
    - position: {x: -2, y: 2, z: 0}
      leftTangent: {x: 0, y: 0, z: 0}
      rightTangent: {x: 0, y: 0, z: 0}
      mode: 0
      height: 1
      spriteIndex: 0
      corner: 0
      m_CornerMode: 1
    - position: {x: 2, y: 2, z: 0}
      leftTangent: {x: 0, y: 0, z: 0}
      rightTangent: {x: 0, y: 0, z: 0}
      mode: 0
      height: 1
      spriteIndex: 0
      corner: 0
      m_CornerMode: 1
    - position: {x: 2, y: -2, z: 0}
      leftTangent: {x: 0, y: 0, z: 0}
      rightTangent: {x: 0, y: 0, z: 0}
      mode: 0
      height: 1
      spriteIndex: 0
      corner: 0
      m_CornerMode: 1
  m_SpriteShape: {fileID: 11400000, guid: a028201b0b317414ea32bdc0cd39e170, type: 2}
  m_FillPixelPerUnit: 100
  m_StretchTiling: 1
  m_SplineDetail: 16
  m_AdaptiveUV: 1
  m_StretchUV: 0
  m_WorldSpaceUV: 0
  m_CornerAngleThreshold: 30
  m_ColliderDetail: 16
  m_ColliderOffset: 0
  m_UpdateCollider: 1
  m_EnableTangents: 0
  m_GeometryCached: 0
  m_UTess2D: 1
  m_Creator: {fileID: 0}
  m_Modifiers: []
  m_ColliderSegment: []
--- !u!1971053207 &2083039379
SpriteShapeRenderer:
  m_ObjectHideFlags: 0
  m_CorrespondingSourceObject: {fileID: 0}
  m_PrefabInstance: {fileID: 0}
  m_PrefabAsset: {fileID: 0}
  m_GameObject: {fileID: 2083039377}
  m_Enabled: 1
  m_CastShadows: 1
  m_ReceiveShadows: 1
  m_DynamicOccludee: 0
  m_StaticShadowCaster: 0
  m_MotionVectors: 1
  m_LightProbeUsage: 1
  m_ReflectionProbeUsage: 1
  m_RayTracingMode: 0
  m_RayTraceProcedural: 0
  m_RenderingLayerMask: 1
  m_RendererPriority: 0
  m_Materials:
  - {fileID: 10754, guid: 0000000000000000f000000000000000, type: 0}
  - {fileID: 10754, guid: 0000000000000000f000000000000000, type: 0}
  m_StaticBatchInfo:
    firstSubMesh: 0
    subMeshCount: 0
  m_StaticBatchRoot: {fileID: 0}
  m_ProbeAnchor: {fileID: 0}
  m_LightProbeVolumeOverride: {fileID: 0}
  m_ScaleInLightmap: 1
  m_ReceiveGI: 1
  m_PreserveUVs: 0
  m_IgnoreNormalsForChartDetection: 0
  m_ImportantGI: 0
  m_StitchLightmapSeams: 1
  m_SelectedEditorRenderState: 0
  m_MinimumChartSize: 4
  m_AutoUVMaxDistance: 0.5
  m_AutoUVMaxAngle: 89
  m_LightmapParameters: {fileID: 0}
  m_SortingLayerID: 0
  m_SortingLayer: 0
  m_SortingOrder: 0
  m_Color: {r: 1, g: 1, b: 1, a: 1}
  m_MaskInteraction: 0
  m_ShapeTexture: {fileID: 2800000, guid: 510947d66546dbb4a8ca49174aec55df, type: 3}
  m_Sprites:
  - {fileID: -7415474661432965056, guid: 2a5a1e8b49a33724cacc0d8e8beca3b3, type: 3}
  - {fileID: -9004725787353784528, guid: 2a5a1e8b49a33724cacc0d8e8beca3b3, type: 3}
  - {fileID: 1976887202858390430, guid: 2a5a1e8b49a33724cacc0d8e8beca3b3, type: 3}
  - {fileID: 2430433439845543121, guid: 2a5a1e8b49a33724cacc0d8e8beca3b3, type: 3}
  - {fileID: 6445109700095586856, guid: 2a5a1e8b49a33724cacc0d8e8beca3b3, type: 3}
  - {fileID: 5672037680520741088, guid: 2a5a1e8b49a33724cacc0d8e8beca3b3, type: 3}
  - {fileID: -1950744206542611505, guid: 2a5a1e8b49a33724cacc0d8e8beca3b3, type: 3}
  m_LocalAABB:
    m_Center: {x: -0.1472807, y: -0.049900055, z: 0}
    m_Extent: {x: 4.3927193, y: 3.7299004, z: 0}
  m_SpriteSortPoint: 0
--- !u!4 &2083039380
Transform:
  m_ObjectHideFlags: 0
  m_CorrespondingSourceObject: {fileID: 0}
  m_PrefabInstance: {fileID: 0}
  m_PrefabAsset: {fileID: 0}
  m_GameObject: {fileID: 2083039377}
  serializedVersion: 2
  m_LocalRotation: {x: 0, y: 0, z: 0, w: 1}
  m_LocalPosition: {x: -87.15701, y: -6.957386, z: 0}
  m_LocalScale: {x: 1, y: 1, z: 1}
  m_ConstrainProportionsScale: 0
  m_Children: []
  m_Father: {fileID: 0}
  m_LocalEulerAnglesHint: {x: 0, y: 0, z: 0}
--- !u!1660057539 &9223372036854775807
SceneRoots:
  m_ObjectHideFlags: 0
  m_Roots:
  - {fileID: 1659469090}
  - {fileID: 454723259}
  - {fileID: 822041385}
  - {fileID: 1952059340}
  - {fileID: 593185338}
  - {fileID: 1046656407}
  - {fileID: 1052724193}
  - {fileID: 124389253}
  - {fileID: 385959094}
  - {fileID: 1577441556}
  - {fileID: 1740438572}
  - {fileID: 2083039380}
  - {fileID: 1936483054}
